<record><leader>00000cas a22000007a 4500</leader><controlfield tag="001">25611282</controlfield><controlfield tag="008">920408d18561861ctudn ne      0    0eng d</controlfield><datafield ind1=" " ind2=" " tag="010"><subfield code="a">sn 92051225 </subfield></datafield><datafield ind1=" " ind2=" " tag="040"><subfield code="a">CNW</subfield><subfield code="b">eng</subfield><subfield code="c">CNW</subfield><subfield code="d">OCL</subfield><subfield code="d">CNW</subfield><subfield code="d">OCLCQ</subfield><subfield code="d">OCLCF</subfield><subfield code="d">OCLCO</subfield><subfield code="d">DLC</subfield></datafield><datafield ind1=" " ind2=" " tag="042"><subfield code="a">msc</subfield></datafield><datafield ind1=" " ind2=" " tag="043"><subfield code="a">n-us-ct</subfield></datafield><datafield ind1="0" ind2="0" tag="245"><subfield code="a">Daily advertiser and farmer.</subfield></datafield><datafield ind1="1" ind2="3" tag="246"><subfield code="a">Advertiser and farmer</subfield></datafield><datafield ind1="1" ind2="7" tag="246"><subfield code="a">Bridgeport daily advertiser and farmer</subfield><subfield code="f">&lt;Mar. 20, 1860&gt;</subfield></datafield><datafield ind1=" " ind2=" " tag="260"><subfield code="a">Bridgeport [Conn.] :</subfield><subfield code="b">Pomeroy &amp; Morse</subfield></datafield><datafield ind1=" " ind2=" " tag="300"><subfield code="a">v.</subfield></datafield><datafield ind1=" " ind2=" " tag="310"><subfield code="a">Daily (except Sun.)</subfield></datafield><datafield ind1="0" ind2=" " tag="362"><subfield code="a">Vol. 1, no. 1 (Sept. 8, 1856)-</subfield></datafield><datafield ind1=" " ind2=" " tag="515"><subfield code="a">Issues for &lt;Nov. 4, 1857-June 29, 1861&gt; also called: Whole no. &lt;358-1478&gt;.</subfield></datafield><datafield ind1=" " ind2=" " tag="515"><subfield code="a">Publication suspended with issue for Aug. 24, 1861; resumed with Sept. 23, 1864 as: Evening farmer.</subfield></datafield><datafield ind1=" " ind2=" " tag="530"><subfield code="a">Also issued on microfilm from Connecticut State Library, Hartford, CT.</subfield></datafield><datafield ind1=" " ind2=" " tag="580"><subfield code="a">Weekly ed.: Republican farmer (Danbury, Conn.).</subfield></datafield><datafield ind1=" " ind2="0" tag="651"><subfield code="a">Bridgeport (Conn.)</subfield><subfield code="v">Newspapers.</subfield></datafield><datafield ind1=" " ind2="7" tag="651"><subfield code="a">Connecticut</subfield><subfield code="z">Bridgeport.</subfield><subfield code="2">fast</subfield><subfield code="0">(OCoLC)fst01209541</subfield></datafield><datafield ind1=" " ind2="7" tag="655"><subfield code="a">Newspapers.</subfield><subfield code="2">fast</subfield><subfield code="0">(OCoLC)fst01423814</subfield></datafield><datafield ind1=" " ind2=" " tag="752"><subfield code="a">United States</subfield><subfield code="b">Connecticut</subfield><subfield code="c">Fairfield</subfield><subfield code="d">Bridgeport.</subfield></datafield><datafield ind1="1" ind2=" " tag="775"><subfield code="t">Republican farmer (Danbury, Conn.)</subfield><subfield code="x">2381-0106</subfield><subfield code="w">(DLC)sn 82015536</subfield><subfield code="w">(OCoLC)8813980</subfield></datafield><datafield ind1="0" ind2="0" tag="785"><subfield code="t">Evening farmer</subfield><subfield code="w">(DLC)sn 92051226</subfield><subfield code="w">(OCoLC)25611954</subfield></datafield><datafield ind1="1" ind2=" " tag="029"><subfield code="a">AU@</subfield><subfield code="b">000020228505</subfield></datafield></record>